<?xml version="1.0" encoding="UTF-8"?><collection xmlns="http://www.loc.gov/MARC21/slim"><record><leader>00448nam--2200133-i-4500</leader><controlfield tag="001">000028261</controlfield><controlfield tag="002">20161230</controlfield><controlfield tag="005">20161230201037</controlfield><controlfield tag="008">060222s1000------------r-----000-0-eng-d</controlfield><datafield ind1=" " ind2=" " tag="080"><subfield code="a">548:539.32(043)</subfield></datafield><datafield ind1=" " ind2=" " tag="100"><subfield code="a">Kubin, Ladislas Pierre</subfield></datafield><datafield ind1=" " ind2=" " tag="245"><subfield code="a">Etude des mecanismes de deformation plastique de monocristaux de niobium entre 2,17 et 300 k.proposition donnees par la faculte.these</subfield></datafield><datafield ind1=" " ind2=" " tag="260"><subfield code="a">Paris, Universite Paris-sud, 1971. 119p</subfield></datafield><datafield ind1=" " ind2=" " tag="852"><subfield code="a">78147</subfield></datafield></record></collection>